@incollection{bush2006mathematical,
  title={A mathematical model for simple learning},
  author={Bush, Robert R and Mosteller, Frederick},
  booktitle={Selected Papers of Frederick Mosteller},
  pages={221--234},
  year={2006},
  publisher={Springer}
}